@online
{wikix25,
title={X.25 — Wikipédia},
url={https://fr.wikipedia.org/wiki/X.25}
}

@online
{wikitranspac,
title={Transpac — Wikipédia},
url={https://fr.wikipedia.org/wiki/Transpac}
}

@online
{wikicc,
title={Commutation de circuits — Wikipédia},
url={https://fr.wikipedia.org/wiki/Commutation_de_circuits}
}

@online
{wikicp,
title={Commutation de paquets — Wikipédia},
url={https://fr.wikipedia.org/wiki/Commutation_de_paquets}
}

@online
{wikidtg,
title={Datagramme — Wikipédia},
url={https://fr.wikipedia.org/wiki/Datagramme}
}

@online
{wikicyc,
title={Cyclades (réseau) — Wikipédia},
url={https://fr.wikipedia.org/wiki/Cyclades_(réseau)}
}

@online
{wikiarpa,
title={ARPANET — Wikipédia},
url={https://fr.wikipedia.org/wiki/ARPANET}
}

@online
{wikicnet,
title={Centre national d'études des télécommunications — Wikipédia},
url={https://fr.wikipedia.org/wiki/Centre_national_d'études_des_télécommunications}
}

@unpublished
{gatoux,
author={Gatoux, Jean-Luc},
title={X25 Tour d'horizon},
url={http://www.gatoux.com/index.php/x25-tour-dhorizon}
}

@unpublished
{gateau,
title={Le réseau Transpac et la norme X 25 : la sécurité du transport de l’information},
pages={10},
author={Gateau, Christian},
url={http://www.aconit.org/histoire/colloques/colloque_2004/gateau.pdf}
}

@unpublished
{navarro,
title={X25 versus Frame Relay},
pages={21},
author={Navarro, Patrice},
url={http://membres-ljk.imag.fr/patrice-navarro/wp-content/uploads/sites/2/2015/04/FrameRelay-X25.pdf}
}
